<collection xmlns="http://www.loc.gov/MARC21/slim">
<record>
  <leader>01948nam0a22003731i 450 </leader>
  <controlfield tag="001">IT\ICCU\CNCE\054097</controlfield>
  <controlfield tag="005">20101112000000.0</controlfield>
  <datafield tag="012" ind1=" " ind2=" ">
    <subfield code="a">diu- laa, sii- cisa (3) 1575 (R)</subfield>
    <subfield code="2">fei</subfield>
  </datafield>
  <datafield tag="100" ind1=" " ind2=" ">
    <subfield code="a">20030218d1575        0itac0103    ba</subfield>
  </datafield>
  <datafield tag="101" ind1=" " ind2=" ">
    <subfield code="a">ITA</subfield>
  </datafield>
  <datafield tag="102" ind1=" " ind2=" ">
    <subfield code="a">IT</subfield>
  </datafield>
  <datafield tag="200" ind1="1" ind2=" ">
    <subfield code="a">Institutione d&apos;ogni stato lodeuole delle donne christiane, di monsignore Agostino Valerio vescovo di Verona</subfield>
  </datafield>
  <datafield tag="210" ind1=" " ind2=" ">
    <subfield code="a">In Venetia</subfield>
    <subfield code="c">per Bolognino Zaltieri</subfield>
    <subfield code="d">1575</subfield>
    <subfield code="e">In Venetia</subfield>
    <subfield code="g">appresso Bolognino Zaltiero</subfield>
    <subfield code="h">1575</subfield>
  </datafield>
  <datafield tag="215" ind1=" " ind2=" ">
    <subfield code="a">\24!, 207, \3!, 62, \2! p.</subfield>
    <subfield code="d">12ʻ</subfield>
  </datafield>
  <datafield tag="300" ind1=" " ind2=" ">
    <subfield code="a">Segue con proprio front.: Instruttione delle donne maritate di monsignore Agostino Valerio, vescouo di Verona</subfield>
  </datafield>
  <datafield tag="620" ind1=" " ind2=" ">
    <subfield code="a">IT</subfield>
    <subfield code="d">Venezia</subfield>
  </datafield>
  <datafield tag="700" ind1=" " ind2="1">
    <subfield code="a">Valier,</subfield>
    <subfield code="b">Agostino</subfield>
    <subfield code="3">IT\ICCU\CNCA\005646</subfield>
  </datafield>
  <datafield tag="712" ind1="0" ind2="0">
    <subfield code="a">Zaltieri, Bolognino</subfield>
    <subfield code="3">IT\ICCU\CNCT\000367</subfield>
    <subfield code="4">650</subfield>
  </datafield>
  <datafield tag="790" ind1=" " ind2="1">
    <subfield code="a">Valiero,</subfield>
    <subfield code="b">Agostino</subfield>
    <subfield code="3">IT\ICCU\CNCA\014995</subfield>
    <subfield code="z">Valier, Agostino</subfield>
  </datafield>
  <datafield tag="790" ind1=" " ind2="1">
    <subfield code="a">Valerius,</subfield>
    <subfield code="b">Augustinus</subfield>
    <subfield code="3">IT\ICCU\CNCA\024509</subfield>
    <subfield code="z">Valier, Agostino</subfield>
  </datafield>
  <datafield tag="791" ind1="0" ind2="0">
    <subfield code="a">Zalterius, Bologninus</subfield>
    <subfield code="3">IT\ICCU\CNCT\004176</subfield>
    <subfield code="z">Zaltieri, Bolognino</subfield>
  </datafield>
  <datafield tag="791" ind1="0" ind2="0">
    <subfield code="a">Zalterio, Bolognin</subfield>
    <subfield code="3">IT\ICCU\CNCT\005774</subfield>
    <subfield code="z">Zaltieri, Bolognino</subfield>
  </datafield>
  <datafield tag="791" ind1="0" ind2="0">
    <subfield code="a">Zaltiero, Bolognino</subfield>
    <subfield code="3">IT\ICCU\CNCT\005775</subfield>
    <subfield code="z">Zaltieri, Bolognino</subfield>
  </datafield>
  <datafield tag="801" ind1=" " ind2="3">
    <subfield code="a">IT</subfield>
    <subfield code="b">ICCU</subfield>
    <subfield code="c">20201115</subfield>
  </datafield>
  <datafield tag="899" ind1=" " ind2=" ">
    <subfield code="a">Biblioteca civica Romolo Spezioli. Fermo</subfield>
    <subfield code="1">AP0012</subfield>
    <subfield code="2">UMC FM</subfield>
  </datafield>
  <datafield tag="899" ind1=" " ind2=" ">
    <subfield code="a">Biblioteca universitaria. Bologna</subfield>
    <subfield code="1">BO0098</subfield>
    <subfield code="2">UBO BU</subfield>
  </datafield>
  <datafield tag="899" ind1=" " ind2=" ">
    <subfield code="a">Biblioteca Estense Universitaria. Modena</subfield>
    <subfield code="1">MO0089</subfield>
    <subfield code="2">MOD BE</subfield>
  </datafield>
  <datafield tag="899" ind1=" " ind2=" ">
    <subfield code="a">Biblioteca del Seminario Vescovile della Facolt ̉Teologica del Triveneto dell&apos;Istituto Filosofico Aloisianum. Padova</subfield>
    <subfield code="1">PD0073</subfield>
    <subfield code="2">PUV 01</subfield>
  </datafield>
  <datafield tag="899" ind1=" " ind2=" ">
    <subfield code="a">Biblioteca civica. Padova</subfield>
    <subfield code="1">PD0090</subfield>
    <subfield code="2">PUV 55</subfield>
  </datafield>
  <datafield tag="899" ind1=" " ind2=" ">
    <subfield code="a">Biblioteca comunale Augusta. Perugia</subfield>
    <subfield code="1">PG0109</subfield>
    <subfield code="2">UM1 01</subfield>
  </datafield>
  <datafield tag="899" ind1=" " ind2=" ">
    <subfield code="a">Biblioteca universitaria Alessandrina. Roma</subfield>
    <subfield code="1">RM0280</subfield>
    <subfield code="2">RML 01</subfield>
  </datafield>
  <datafield tag="899" ind1=" " ind2=" ">
    <subfield code="a">Biblioteca Vallicelliana. Roma</subfield>
    <subfield code="1">RM0281</subfield>
    <subfield code="2">RML 08</subfield>
  </datafield>
  <datafield tag="899" ind1=" " ind2=" ">
    <subfield code="a">Biblioteca capitolare. Verona</subfield>
    <subfield code="1">VR0056</subfield>
    <subfield code="2">VIA VC</subfield>
  </datafield>
  <datafield tag="899" ind1=" " ind2=" ">
    <subfield code="a">Biblioteca civica. Verona</subfield>
    <subfield code="1">VR0059</subfield>
    <subfield code="2">ZVR 02</subfield>
  </datafield>
</record>
</collection>
